@article{cortez2009modeling,
  title={Modeling wine preferences by data mining from physicochemical properties},
  author={Cortez, Paulo and Cerdeira, Ant{\'o}nio and Almeida, Fernando and Matos, Telmo and Reis, Jos{\'e}},
  journal={Decision support systems},
  volume={47},
  number={4},
  pages={547--553},
  year={2009},
  publisher={Elsevier}
}

@inproceedings{zeng2023classification,
  title={The classification of red wine quality based on machine learning techniques},
  author={Zeng, Ming},
  booktitle={Second International Conference on Statistics, Applied Mathematics, and Computing Science (CSAMCS 2022)},
  volume={12597},
  pages={954--959},
  year={2023},
  organization={SPIE}
}


@article{cardoso2023could,
  title={Could QSOR modelling and machine learning techniques be useful to predict wine aroma?},
  author={Cardoso Schwindt, Virginia and Coletto, Mauricio M and Diaz, Monica F and Ponzoni, Ignacio},
  journal={Food and Bioprocess Technology},
  volume={16},
  number={1},
  pages={24--42},
  year={2023},
  publisher={Springer}
}
